@book{analisi1,
  author = {Roberta dal Passo {,} Lorenzo Giacomelli},
  title = {Analisi matematica},
  key = {Analisi matematica},
  publisher = {McGraw-Hill Education},
  year = {2011},
  month = "June",
  edition = "second edition"
}

@article{ros2_bdi_offline_article,
    author = {Devis Dal Moro {,} Marco Robol {,} Marco Roveri {,} Paolo Giorgini},
    title = {Developing BDI-based Robotic Systems with ROS2},
    key = {Developing BDI-based Robotic Systems with ROS2},
    journal = {PAAMS 22 - 20th Conference on Practical Applications of Agents and Multi-agents systems},
    year = {2022}
}

@article{ros2_bdi_offline_demonstration,
    author = {Devis Dal Moro {,} Marco Robol {,} Marco Roveri {,} Paolo Giorgini},
    title = {A demonstration of bdi-based robotic systems with ros2},
    key = {A demonstration of bdi-based robotic systems with ros2},
    journal = {PAAMS 22 - 20th Conference on Practical Applications of Agents and Multi-agents systems},
    year = {2022}
}

@article{alex_thesis,
    author = {Alex Zanetti},
    title = {Interleaving planning and execution in ROS2-BDI architecture},
    key = {Interleaving planning and execution in ROS2-BDI architecture},
    journal = {Master thesis},
    year = {2022}
}

@article{devis_thesis,
    author = {Devis Dal Moro},
    title = {A planning based Multi-Agent BDI architecture for ROS2},
    key = {A planning based Multi-Agent BDI architecture for ROS2},
    journal = {Master thesis},
    year = {2021}
}

@misc{pddl_docs,
  title = {PDDL documentation},
  key = {PDDL documentation},
  howpublished = {https://planning.wiki/ref/pddl/requirements}
}

@misc{webots_docs,
  title = {Webots documentation},
  key = {Webots documentation},
  howpublished = {https://cyberbotics.com/doc/guide/index}
}

@misc{ros2_docs,
  title = {ROS2 documentation},
  key = {ROS2 documentation},
  howpublished = {https://docs.ros.org/en/foxy/index.html}
}

@misc{ros2_website,
  title = {Robot operating system website},
  key = {Robot operating system website},
  howpublished = {https://www.ros.org/}
}

@misc{plansys2_docs,
  title = {Plansys2 documentation},
  key = {Plansys2 documentation},
  howpublished = {https://plansys2.github.io/}
}

@misc{ros2_bdi_docs,
  title = {ROS2-BDI user documentation},
  key = {ROS2-BDI user documentation},
  howpublished = {https://devis12.github.io/ROS2-BDI.github.io/}
}

@misc{javaff_repo,
  title = {JAVAFF Github repository},
  key = {JAVAFF Github repository},
  howpublished = {https://github.com/tonyallard/JAVAFF}
}

@misc{ojff_repo,
  title = {OJFF Github repository},
  key = {OJFF Github repository},
  howpublished = {https://github.com/RTI-BDI/JAVAFF}
}




